
@INPROCEEDINGS{AbbottKedlayaRoe2006,
  author = {Abott, T.G. and Kedlaya, K.S. and Roe, D.},
  title = {Bounding {Picard} numbers of surfaces using $p$-adic cohomology},
  booktitle = {Arithmetic, Geometry, and Coding Theory {(AGCT-10)}},
  year = {2006},
  url = {arXiv:math.NT/0601508}
}

@ARTICLE{Gerkmann2007,
    AUTHOR = {Gerkmann, Ralf},
     TITLE = {Relative rigid cohomology and deformation of hypersurfaces},
   JOURNAL = {Int. Math. Res. Pap. IMRP},
  FJOURNAL = {International Mathematics Research Papers. IMRP},
      YEAR = {2007},
    NUMBER = {1},
     PAGES = {67},
      ISSN = {1687-3017}
}

@ARTICLE{Griffiths1969,
  author   = {Griffiths, Phillip A.},
  title    = {On the Periods of Certain Rational Integrals. {I}, (resp.~{II})},
  journal  = {Ann. of Math. (2)},
  fjournal = {Annals of Mathematics. Second Series},
  volume   = {90},
  year     = {1969},
  pages    = {460--495 (resp.\ 496--541)},
  number   = {3},
  month    = {November}
}

@BOOK{Macaulay1994,
  title = {The Algebraic Theory of Modular Systems},
  publisher = {Cambridge Univ. Press},
  year = {1994},
  author = {Macaulay, F.S.},
  series = {Cambridge Mathematical Library}
}

